%% Created using Papers on Mon, 01 Jun 2015.
%% http://papersapp.com/papers/

@article{Anonymous:vp21ZlVD,
author = {The ATLAS Collaboration},
title = {Performance of the ATLAS Silicon Pattern Recognition Algorithm in Data and Simulation at $\sqrt{s}=7$~TeV},
year = {2010},
pages = {1--14},
month = jul
}

@article{GellMann:1964nj,
author = {Gell-Mann, Murray},
title = {{A Schematic Model of Baryons and Mesons}},
journal = {Phys.Lett.},
year = {1964},
volume = {8},
number = {3},
pages = {214--215}
}

@article{Campbell:2006tx,
author = {Campbell, J. and Huston, J and Stirling, W J},
title = {{Hard Interactions of Quarks and Gluons: a Primer for LHC Physics}},
year = {2006},
pages = {1--118},
month = nov
}

@article{Rossi:2010el,
author = {Rossi, Lucio},
title = {{Superconductivity: its role, its success and its setbacks in the Large Hadron Collider of CERN}},
journal = {Superconductor Science and Technology},
year = {2010},
volume = {23},
number = {3},
pages = {034001},
month = feb
}

@article{TheATLASCollaboration:2015tf,
author = {{The ATLAS Collaboration}},
title = {{ATLAS: Inner Detector}},
year = {2015},
pages = {1--57},
month = jan
}

@article{Herrero:373237,
author = {Herrero, M J},
title = {{The Standard Model}},
journal = {The Astrophysical Journal},
year = {1999},
volume = {512},
number = {hep-ph/9812242}
}

@article{TheCMSCollaboration:2012dl,
author = {The CMS Collaboration},
title = {{Observation of a new boson at a mass of 125 GeV with the CMS experiment at the LHC}},
journal = {Physics Letters B},
year = {2012},
volume = {716},
number = {1},
pages = {30--61},
month = sep
}

@article{AguilarSaavedra:2013hg,
title = {{Handbook of vectorlike quarks: Mixing and single production}},
journal = {Physical Review D},
year = {2013},
volume = {88},
number = {9},
pages = {094010--18},
month = nov
}

@article{Cornelissen:2007vba,
author = {Cornelissen, T and Elsing, M and Fleischmann, S and Liebig, W and Moyse, E and {others}},
title = {{Concepts, Design and Implementation of the ATLAS New Tracking (NEWT)}},
year = {2007}
}

@article{Zweig:1964jf,
author = {Zweig, G},
title = {{An SU(3) model for strong interaction symmetry and its breaking. Version 2}},
year = {1964},
pages = {22--101},
month = feb
}

@article{TheATLASCollaboration:2014gf,
author = {The ATLAS Collaboration},
title = {{Electron and photon energy calibration with the ATLAS detector using LHC Run 1 data}},
journal = {The European Physical Journal C},
year = {2014},
volume = {74},
number = {10},
pages = {3071--48},
month = oct
}

@article{Iliopoulos:2013rna,
author = {Kibble, Tom W B},
title = {{The Standard Model of Particle Physics}},
journal = {arXiv.org},
year = {2014},
eprint = {1412.4094},
eprinttype = {arxiv},
eprintclass = {physics.hist-ph},
month = dec
}

@article{Khoo:2013uy,
author = {Khoo, T J},
title = {{Teng Jian's Thesis}},
year = {2013},
pages = {1--271},
month = oct
}

@article{Loscutoff:2013vq,
author = {Loscutoff, Peter},
title = {{Peter's Thesis}},
year = {2013},
pages = {1--154},
month = may
}

@article{TheATLASCollaboration:2015wd,
author = {{The ATLAS Collaboration}},
title = {{ATLAS: Calorimetry}},
year = {2015},
pages = {1--54},
month = jan
}

@article{Wilkens:2009if,
author = {Wilkens, Henric},
title = {{The ATLAS Liquid Argon calorimeter: An overview}},
journal = {Journal of Physics: Conference Series},
year = {2009},
volume = {160},
pages = {012043--9},
month = apr
}

@article{Drees:2014va,
author = {Drees, M and Gerbier, G},
title = {{PDG Review: Dark Matter, 2014}},
year = {2014},
pages = {1--21},
month = aug
}

@article{Deviveiros:2014wr,
author = {Deviveiros, Pier-Olivier and Dube, Sourabh and Hance, Michael and Heinemann, Beate and Hinchliffe, Ian and Hurwitz, Martina and Igonkina, Olya and Mahlstedt, J{\"o}rn and Yu, David},
title = {{Internal Note - Search for New Physics in Events with Three Charged Leptons}},
year = {2014},
pages = {1--344},
month = apr
}

@article{Aleksa:2008br,
author = {Aleksa, M and Bergsma, F and Chevalier, L and Giudici, P-A and Hart, J C and Kehrli, A and Losasso, M and Miyagawa, P S and Pons, X and Sandaker, H and Snow, S W},
title = {{Results of the ATLAS solenoid magnetic field map}},
journal = {Journal of Physics: Conference Series},
year = {2008},
volume = {110},
number = {9},
pages = {092018--5},
month = jun
}

@article{TheCMSCollaboration:2012fy,
author = {{The CMS Collaboration}},
title = {{Search for heavy lepton partners of neutrinos in proton{\textendash}proton collisions in the context of the type III seesaw mechanism}},
journal = {Physics Letters B},
year = {2012},
volume = {718},
number = {2},
pages = {348--368},
month = dec
}

@article{TheATLASCollaboration:2013ul,
author = {{The ATLAS Collaboration}},
title = {{Determination of the tau energy scale and the associated systematic uncertainty in proton-proton collisions at $\sqrt{s}=8$~TeV with the ATLAS detector at the LHC in 2012}},
year = {2013},
pages = {1--24},
month = apr
}

@article{Kuhn:2013zja,
author = {Lamont, Mike},
title = {{LHC Beam Operations: Past, Present and Future}},
year = {2013},
pages = {55--60}
}

@article{Lamont:2013ca,
author = {Lamont, Mike},
title = {{Status of the LHC}},
journal = {Journal of Physics: Conference Series},
year = {2013},
volume = {455},
pages = {012001--10},
month = aug
}

@article{Buning:2004wk,
author = {Buning, O and Collier, P and Lebrun, P and Myers, S and Ostojic, R and {others}},
title = {{LHC Design Report. 2. The LHC infrastructure and general services}},
year = {2004}
}

@article{TheATLASCollaboration:2012tj,
author = {{The ATLAS Collaboration}},
title = {{Performance of the ATLAS Inner Detector Track and Vertex Reconstruction in the High Pile-Up LHC Environment}},
year = {2012},
pages = {1--20},
month = mar
}

@article{TheATLASCollaboration:2014fu,
author = {{The ATLAS Collaboration}},
title = {{Electron reconstruction and identification efficiency measurements with the ATLAS detector using the 2011 LHC proton{\textendash}proton collision data}},
journal = {The European Physical Journal C},
year = {2014},
volume = {74},
number = {7},
pages = {2941--38},
month = jul
}

@article{TheATLASCollaboration:2015uy,
author = {{The ATLAS Collaboration}},
title = {{ATLAS: Trigger, Data Acquisition, and Controls}},
year = {2015},
pages = {1--39},
month = jan
}

@article{Rybka:2015ut,
author = {Rybka, G and Ringwald, A and Rosenberg, L J},
title = {{PDG Review: Axions and Other Similar Particles, 2014}},
year = {2015},
pages = {1--27},
month = jan
}

@article{TheATLASCollaboration:2012cp,
author = {{The ATLAS Collaboration}},
title = {{Observation of a new particle in the search for the Standard Model Higgs boson with the ATLAS detector at the LHC}},
journal = {Physics Letters B},
year = {2012},
volume = {716},
number = {1},
pages = {1--29},
month = sep
}

@article{TheATLASCollaboration:2014jo,
author = {{The ATLAS Collaboration}},
title = {{Measurement of the total cross section from elastic scattering in pp collisions at $\sqrt{s}=7$~TeV with the ATLAS detector}},
journal = {Nuclear Physics B},
year = {2014},
volume = {889},
number = {C},
pages = {486--548},
month = dec
}

@article{Aad:2014zya,
author = {{The ATLAS Collaboration}},
title = {{Muon reconstruction efficiency and momentum resolution of the ATLAS experiment in proton-proton collisions at $\sqrt{s}=7$~TeV in 2010}},
journal = {The European Physical Journal C},
year = {2014},
volume = {74},
pages = {3034},
month = sep
}

@article{TheATLASCollaboration:2014bm,
author = {{The ATLAS Collaboration}},
title = {{Measurement of the muon reconstruction performance of the ATLAS detector using 2011 and 2012 LHC proton{\textendash}proton collision data}},
journal = {The European Physical Journal C},
year = {2014},
volume = {74},
number = {11},
pages = {3130--34},
month = nov
}

@article{Benedikt:2004wm,
author = {Benedikt, M and Collier, P and Mertens, V and Poole, J and Schindl, K},
title = {{LHC Design Report. 3. The LHC injector chain}},
year = {2004}
}

@phdthesis{Wang:1626593,
author = {Wang, Haichen and Wu, Sau Lan},
title = {{Discovery of A New Boson in the Search for A Standard Model Higgs Boson in the Diphoton Final State with the ATLAS Detector}},
school = {Wisconsin U., Madison},
year = {2013},
month = jul
}

@article{TheATLASCollaboration:2012tja,
author = {{The ATLAS Collaboration}},
title = {{Performance of the ATLAS Inner Detector Track and Vertex Reconstruction in the High Pile-Up LHC Environment}},
year = {2012},
pages = {1--20},
month = mar
}

@article{TheATLASCollaboration:2014vz,
title = {{Electron efficiency measurements with the ATLAS detector using the 2012 LHC proton-proton collision data}},
year = {2014},
pages = {1--50},
month = jun
}

@article{Lahav:2014uk,
author = {Lahav, O and Liddle, Andrew R},
title = {{PDG Review: The Cosmological Parameters, 2014}},
year = {2014},
pages = {1--21},
month = aug
}

@article{TheATLASCollaboration:2015tm,
author = {{The ATLAS Collaboration}},
title = {{ATLAS: Magnet system and magnetic field}},
year = {2015},
pages = {1--19},
month = apr
}

@article{TheATLASCollaboration:2012vr,
author = {{The ATLAS Collaboration}},
title = {{Improved electron reconstruction in ATLAS using the Gaussian Sum Filter-based model for bremsstrahlung}},
year = {2012},
pages = {1--22},
month = may
}

@article{Boussard:1999wm,
author = {Boussard, Daniel and Linnecar, Trevor Paul R},
title = {{The LHC Superconducting RF System}},
year = {1999},
pages = {1--11},
month = dec
}

@article{Neeman:1961ea,
author = {Neeman, Y},
title = {{Derivation of strong interactions from a gauge invariance}},
journal = {Nuclear Physics},
year = {1961},
volume = {26},
number = {2},
pages = {222--229},
month = feb
}

@article{Papotti:2014vb,
author = {Papotti, G and Buffat, X and Herr, W and Giachino, R and Pieloni, T},
title = {{Observations of beam-beam effects at the LHC}},
journal = {arXiv.org},
year = {2014},
eprint = {1409.5208},
eprinttype = {arxiv},
eprintclass = {physics.acc-ph},
month = sep
}

@article{Agashe:2014kda,
author = {Olive, K A and {others}},
title = {{Review of Particle Physics}},
journal = {Chin.Phys.},
year = {2014},
volume = {C38},
number = {9},
pages = {090001}
}

@article{Abat:2008zzb,
author = {Abat, E and {others}},
title = {{The ATLAS TRT barrel detector}},
journal = {JINST},
year = {2008},
volume = {3},
number = {02},
pages = {P02014--P02014}
}

@article{Bruning:2004ej,
author = {Bruning, Oliver S and Collier, P and Lebrun, P and Myers, S and Ostojic, R and {others}},
title = {{LHC Design Report. 1. The LHC Main Ring}},
year = {2004}
}

@article{TheATLASCollaboration:2010wl,
author = {{The ATLAS Collaboration}},
title = {{Tracking Results and Comparison to Monte Carlo simulation at {\textsurd}s = 900 GeV}},
year = {2010},
pages = {1--8},
month = jul
}

@techreport{Zweig:352337,
author = {Zweig, G},
title = {{An SU(3) model for strong interaction symmetry and its breaking}},
year = {1964},
number = {CERN-TH-401},
address = {Geneva},
month = jan
}

@article{Yu:2013wn,
author = {Yu, David and Pagan Griso, Simone and Heinemann, Beate},
title = {{Luminosity Measurement in pp Collisions at $\sqrt{s}=7$~TeV using Vertex Counting with the ATLAS Detector in 2011}},
year = {2013},
pages = {1--59},
month = jul
}

@article{TheATLASCollaboration:2011vx,
author = {{The ATLAS Collaboration}},
title = {{Particle Identification Performance of the ATLAS Transition Radiation Tracker}},
year = {2011},
pages = {1--18},
month = aug
}

@article{Aad:2011gx,
author = {The ATLAS Collaboration},
title = {{Charged-particle multiplicities in $pp$ interactions measured with the ATLAS detector at the LHC}},
journal = {New Journal of Physics},
year = {2011},
volume = {13},
number = {5},
pages = {053033--69},
month = may
}

@phdthesis{Tuna:2013235,
author = {Tuna, Alexander},
title = {{Evidence for decays of the Higgs boson to tau leptons at ATLAS}},
year = {2015},
month = apr
}

@article{Grafstrom:2015go,
author = {Grafstr{\"o}m, Per and Kozanecki, Witold},
title = {{Luminosity determination at proton colliders}},
journal = {Progress in Particle and Nuclear Physics},
year = {2015},
pages = {1--52},
month = jan
}

@article{Evans:2010va,
author = {Evans, Lyndon},
title = {{History of the LHC}},
year = {2010},
pages = {1--87},
month = may
}

@article{Skinnari:2013tv,
author = {Skinnari, Louise},
title = {{Louise's Thesis}},
year = {2013},
pages = {1--212},
month = jan
}

@article{Herr:2003dq,
author = {Herr, W},
title = {{Features and implications of different LHC crossing schemes}},
year = {2003}
}

@article{Kuhn:2013zja,
author = {Kuhn, Maria},
title = {{LHC Beam Operations: Past, Present and Future}},
year = {2013},
pages = {55--60}
}

@article{TheATLASCollaboration:2010ve,
author = {{The ATLAS Collaboration}},
title = {{Performance of primary vertex reconstruction in proton-proton collisions at $\sqrt{s}=7$~TeV in the ATLAS experiment}},
year = {2010},
pages = {1--10},
month = jul
}

@article{Olive:2014uz,
author = {Olive, K A and Peacock, J A},
title = {{PDG Review: Big Bang Cosmology, 2013}},
year = {2014},
pages = {1--33},
month = aug
}

@article{Fields:2014tp,
author = {Fields, B D and Molaro, P and Sarkar, S},
title = {{PDG Review: Big Bang Nucleosynthesis, 2013}},
year = {2014},
pages = {1--15},
month = aug
}

@article{TheATLASCollaboration:2015ds,
author = {{The ATLAS Collaboration}},
title = {{Jet energy measurement and its systematic uncertainty in proton{\textendash}proton collisions at $\sqrt{s}=7$~TeV with the ATLAS detector}},
journal = {The European Physical Journal C},
year = {2015},
volume = {75},
number = {1},
pages = {17--101},
month = jan
}

@article{TheATLASCollaboration:2015vo,
author = {{The ATLAS Collaboration}},
title = {{ATLAS: Muon Spectrometer}},
year = {2015},
pages = {1--42},
month = jan
}

@article{Iliopoulos:2013kh,
author = {Iliopoulos, John},
title = {{Introduction to the STANDARD MODEL of the Electro-Weak Interactions}},
journal = {arXiv.org},
year = {2013},
eprint = {1305.6779},
eprinttype = {arxiv},
eprintclass = {hep-ph},
month = may
}

@article{Abat:2008zz,
author = {Abat, E and Arik, E and Arik, M and Becerici, N and Dogan, O B and {others}},
title = {{The ATLAS TRT end-cap detectors}},
journal = {JINST},
year = {2008},
volume = {3},
number = {10},
pages = {P10003--P10003}
}

@article{TheATLASCollaboration:2014tga,
author = {{The ATLAS Collaboration}},
title = {{Identification and energy calibration of hadronically decaying tau leptons with the ATLAS experiment in pp collisions at $\sqrt{s}=8$~TeV}},
journal = {arXiv.org},
year = {2014},
eprint = {1412.7086},
eprinttype = {arxiv},
eprintclass = {hep-ex},
month = dec
}

@article{Melfo:2011nx,
author = {Melfo, Alejandra and Nemevsek, Miha and Nesti, Fabrizio and Senjanovic, Goran and Zhang, Yue},
title = {{Type II Seesaw at LHC: the Roadmap}},
journal = {arXiv.org},
year = {2011},
eprint = {1108.4416},
eprinttype = {arxiv},
eprintclass = {hep-ph},
number = {5},
pages = {055018},
month = aug
}

@article{TheATLASCollaboration:2012ta,
author = {{The ATLAS Collaboration}},
title = {{Performance of the ATLAS Electron and Photon Trigger in pp Collisions at $\sqrt{s}=7$~TeV in 2011}},
year = {2012},
pages = {1--24},
month = may
}

@article{ALTARELLI:2005zv,
author = {ALTARELLI, Guido},
title = {{The Standard model of particle physics}},
journal = {arXiv},
year = {2005},
volume = {hep-ph}
}

@article{ATLAS:2010yaa,
author = {{The ATLAS Collaboration}},
title = {{Estimating Track Momentum Resolution in Minimum Bias Events using Simulation and K_s in sqrt(s) = 900 GeV collision data}},
year = {2010},
month = mar
}

@article{TheATLASCollaboration:2014gfa,
author = {{The ATLAS Collaboration}},
title = {{Electron and photon energy calibration with the ATLAS detector using LHC Run 1 data}},
journal = {The European Physical Journal C},
year = {2014},
volume = {74},
number = {10},
pages = {3071--48},
month = oct
}

@article{TheATLASCollaboration:2014tg,
author = {{The ATLAS Collaboration}},
title = {{Search for new phenomena in events with three or more charged leptons in pp collisions at $\sqrt{s}=8$~TeV with the ATLAS detector}},
journal = {arXiv.org},
year = {2014},
eprint = {1411.2921v1},
eprinttype = {arxiv},
eprintclass = {hep-ex},
month = nov
}

@article{TheATLASCollaboration:2011wh,
author = {{The ATLAS Collaboration}},
title = {{Commissioning of the ATLAS high-performance b-tagging algorithms in the 7 TeV collision data}},
year = {2011},
pages = {1--22},
month = jul
}

@article{Papaphilippou:2014uf,
author = {Papaphilippou, Y and Bartosik, H and Rumolo, G and Manglunki, D},
title = {{Operational beams for the LHC}},
journal = {arXiv.org},
year = {2014},
eprint = {1412.7857},
eprinttype = {arxiv},
eprintclass = {physics.acc-ph},
month = dec
}

@article{TheATLASCollaboration:2011ks,
author = {{The ATLAS Collaboration}},
title = {{Jet energy measurement with the ATLAS detector in proton-proton collisions at $\sqrt{s}=7$~TeV}},
journal = {arXiv.org},
year = {2011},
eprintclass = {hep-ex},
number = {3},
pages = {2304--118},
month = dec
}

@article{Aad:2013ucp,
author = {{The ATLAS Collaboration} and Martin, B and Meyer, C and Meyer, J and Suzuki, Y and Tanaka, S and Thompson, P D and Wang, H and Wang, J and Yu, David and Yu, J and Zimmermann, S},
title = {{Improved luminosity determination in pp collisions at $\sqrt{s}=7$~TeV using the ATLAS detector at the LHC}},
journal = {arXiv},
year = {2013},
volume = {C73},
number = {8},
pages = {2518}
}

@article{Aad:2008zz,
author = {Aad, Georges and Ackers, M and Alberti, F A and Aleppo, M and Alimonti, G and {others}},
title = {{ATLAS pixel detector electronics and sensors}},
journal = {JINST},
year = {2008},
volume = {3},
number = {07},
pages = {P07007--P07007}
}

@article{Cline:2006ts,
author = {Cline, James M},
title = {{Baryogenesis}},
journal = {arXiv},
year = {2006},
volume = {hep-ph}
}

@article{Arduini:2012ua,
author = {Arduini, Gianluigi},
title = {{Performance Reach in the LHC for 2012}},
year = {2012},
pages = {1--28},
month = feb
}

@article{Kibble:2014tk,
author = {Kibble, Tom W B},
title = {{The Standard Model of Particle Physics}},
journal = {arXiv.org},
year = {2014},
eprint = {1412.4094},
eprinttype = {arxiv},
eprintclass = {physics.hist-ph},
month = dec
}

@article{Anonymous:V_DT-hwi,
title = {{ps-94-037}},
year = {2009},
pages = {1--5},
month = jun
}

@article{TheATLASCollaboration:2011uj,
author = {{The ATLAS Collaboration}},
title = {{Calibration of the ATLAS Transition Radiation Tracker}},
year = {2011},
pages = {1--21},
month = feb
}

@article{TheATLASCollaboration:2014vj,
author = {{The ATLAS Collaboration}},
title = {{Calibration of the performance of b-tagging for c and light-flavour jets in the 2012 ATLAS data}},
year = {2014},
pages = {1--19},
month = jul
}

@article{TheATLASCollaboration:2008fg,
author = {{The ATLAS Collaboration}},
title = {{The ATLAS Experiment at the CERN Large Hadron Collider}},
journal = {Journal of Instrumentation},
year = {2008},
volume = {3},
number = {08},
pages = {S08003--438},
month = aug
}

@article{TheATLASCollaboration:2015ey,
author = {{The ATLAS Collaboration}},
title = {{Performance of the ATLAS muon trigger in pp collisions at $\sqrt{s}=8$~TeV}},
journal = {The European Physical Journal C},
year = {2015},
volume = {75},
number = {3},
pages = {120--31},
month = mar
}

@article{Peebles:2002hj,
author = {Peebles, P J E and Ratra, Bharat},
title = {{The Cosmological Constant and Dark Energy}},
journal = {arXiv.org},
year = {2002},
eprint = {astro-ph/0207347},
eprinttype = {arxiv},
eprintclass = {astro-ph},
number = {2},
pages = {559--606},
month = jul
}

@article{Moreau:2013jc,
title = {{Constraining extra fermion(s) from the Higgs boson data}},
journal = {Physical Review D},
year = {2013},
volume = {87},
number = {1},
pages = {015027--16},
month = jan
}

