% Neutrino mixing
% Homestake experiment
@Article{Davis:1964hf,
 author        = "R. Davis",
 title         = "Solar neutrinos. II: Experimental",
 journal       = "Phys. Rev. Lett.",
 volume        = "12",
 pages         = "303-305",
 year          = "1964",
}

@Article{Davis:1968cp,
 author        = "Raymond Davis and Don S. Harmer and Kenneth C. Hoffman",
 title         = "Search for neutrinos from the sun",
 journal       = "Phys. Rev. Lett.",
 volume        = "20",
 pages         = "1205-1209",
 year          = "1968",
}


% I think this is the first article where they talk about neutrino oscillations.
@article{Cleveland:1998nv,
      author         = "Cleveland, B.T. and Daily, Timothy and Davis, Raymond,
                        Jr. and Distel, James R. and Lande, Kenneth and others",
      title          = "{Measurement of the solar electron neutrino flux with the
                        Homestake chlorine detector}",
      journal        = "Astrophys.J.",
      volume         = "496",
      pages          = "505-526",
      doi            = "10.1086/305343",
      year           = "1998",
      SLACcitation   = "%%CITATION = ASJOA,496,505;%%",
}

% First theory paper
@article{Pontecorvo:1957cp,
      author         = "Pontecorvo, B.",
      title          = "{Mesonium and anti-mesonium}",
      journal        = "Sov.Phys.JETP",
      volume         = "6",
      pages          = "429",
      year           = "1957",
      SLACcitation   = "%%CITATION = SPHJA,6,429;%%",
}
@article{Pontecorvo:1957qd,
      author         = "Pontecorvo, B.",
      title          = "{Inverse beta processes and nonconservation of lepton
                        charge}",
      journal        = "Sov.Phys.JETP",
      volume         = "7",
      pages          = "172-173",
      year           = "1958",
      SLACcitation   = "%%CITATION = SPHJA,7,172;%%",
}

% Dark matter
@ARTICLE{1980ApJ_238_471R,
   author = {{Rubin}, V.~C. and {Ford}, W.~K.~J. and {.~Thonnard}, N.},
    title = "{Rotational properties of 21 SC galaxies with a large range of luminosities and radii, from NGC 4605 /R = 4kpc/ to UGC 2885 /R = 122 kpc/}",
  journal = {The Astrophysical Journal},
 keywords = {Astronomical Spectroscopy, Galactic Evolution, Galactic Rotation, Galaxies, Stellar Luminosity, Dynamic Characteristics, Galactic Nuclei, Morphology, Radial Velocity, Radii},
     year = 1980,
    month = jun,
   volume = 238,
    pages = {471-487},
      doi = {10.1086/158003},
   adsurl = {http://adsabs.harvard.edu/abs/1980ApJ...238..471R},
  adsnote = {Provided by the SAO/NASA Astrophysics Data System}
}

@article{Ade:2013zuv,
      author         = "Ade, P.A.R. and others",
      title          = "{Planck 2013 results. XVI. Cosmological parameters}",
      collaboration  = "Planck Collaboration",
      journal        = "Astron.Astrophys.",
      volume         = "571",
      pages          = "A16",
      doi            = "10.1051/0004-6361/201321591",
      year           = "2014",
      eprint         = "1303.5076",
      archivePrefix  = "arXiv",
      primaryClass   = "astro-ph.CO",
      SLACcitation   = "%%CITATION = ARXIV:1303.5076;%%",
}

% Strong CP limits
@article{PhysRevLett.97.131801,
  title = {Improved Experimental Limit on the Electric Dipole Moment of the Neutron},
  author = {Baker, C. A. and Doyle, D. D. and Geltenbort, P. and Green, K. and van der Grinten, M. G. D. and Harris, P. G. and Iaydjiev, P. and Ivanov, S. N. and May, D. J. R. and Pendlebury, J. M. and Richardson, J. D. and Shiers, D. and Smith, K. F.},
  journal = {Phys. Rev. Lett.},
  volume = {97},
  issue = {13},
  pages = {131801},
  numpages = {4},
  year = {2006},
  month = {Sep},
  publisher = {American Physical Society},
  doi = {10.1103/PhysRevLett.97.131801},
  url = {http://link.aps.org/doi/10.1103/PhysRevLett.97.131801}
}

% SUSY
@article{PhysRev.159.1251,
  title = {All Possible Symmetries of the $S$ Matrix},
  author = {Coleman, Sidney and Mandula, Jeffrey},
  journal = {Phys. Rev.},
  volume = {159},
  issue = {5},
  pages = {1251--1256},
  numpages = {6},
  year = {1967},
  month = {Jul},
  publisher = {American Physical Society},
  doi = {10.1103/PhysRev.159.1251},
  url = {http://link.aps.org/doi/10.1103/PhysRev.159.1251}
}

@article{Haag1975257,
title = "All possible generators of supersymmetries of the S-matrix ",
journal = "Nuclear Physics B ",
volume = "88",
number = "2",
pages = "257 - 274",
year = "1975",
note = "",
issn = "0550-3213",
doi = "http://dx.doi.org/10.1016/0550-3213(75)90279-5",
url = "http://www.sciencedirect.com/science/article/pii/0550321375902795",
author = "Rudolf Haag and Jan T. Lopuszanski and Martin Sohnius"
}

@article{Wess197439,
title = "Supergauge transformations in four dimensions ",
journal = "Nuclear Physics B ",
volume = "70",
number = "1",
pages = "39 - 50",
year = "1974",
note = "",
issn = "0550-3213",
doi = "http://dx.doi.org/10.1016/0550-3213(74)90355-1",
url = "http://www.sciencedirect.com/science/article/pii/0550321374903551",
author = "J. Wess and B. Zumino"
}


% Neutrino seesaw
@article{RevModPhys.80.481,
  title = {Double beta decay, Majorana neutrinos, and neutrino mass},
  author = {Avignone, Frank T. and Elliott, Steven R. and Engel, Jonathan},
  journal = {Rev. Mod. Phys.},
  volume = {80},
  issue = {2},
  pages = {481--516},
  numpages = {36},
  year = {2008},
  month = {Apr},
  publisher = {American Physical Society},
  doi = {10.1103/RevModPhys.80.481},
  url = {http://link.aps.org/doi/10.1103/RevModPhys.80.481}
}

@article{RevModPhys.75.345,
  title = {Neutrino masses and mixing: evidence and implications},
  author = {Gonzalez-Garcia, M. C. and Nir, Yosef},
  journal = {Rev. Mod. Phys.},
  volume = {75},
  issue = {2},
  pages = {345--402},
  numpages = {58},
  year = {2003},
  month = {Mar},
  publisher = {American Physical Society},
  doi = {10.1103/RevModPhys.75.345},
  url = {http://link.aps.org/doi/10.1103/RevModPhys.75.345}
}

@article{RevModPhys.71.S140,
  title = {Neutrino physics},
  author = {Wolfenstein, L.},
  journal = {Rev. Mod. Phys.},
  volume = {71},
  issue = {2},
  pages = {S140--S144},
  numpages = {5},
  year = {1999},
  month = {Mar},
  publisher = {American Physical Society},
  doi = {10.1103/RevModPhys.71.S140},
  url = {http://link.aps.org/doi/10.1103/RevModPhys.71.S140}
}

@article{RevModPhys.68.317,
  title = {The neutrino: from poltergeist to particle},
  author = {Reines, F.},
  journal = {Rev. Mod. Phys.},
  volume = {68},
  issue = {2},
  pages = {317--327},
  numpages = {11},
  year = {1996},
  month = {Apr},
  publisher = {American Physical Society},
  doi = {10.1103/RevModPhys.68.317},
  url = {http://link.aps.org/doi/10.1103/RevModPhys.68.317}
}

@article{RevModPhys.59.671,
  title = {Massive neutrinos and neutrino oscillations},
  author = {Bilenky, S. M. and Petcov, S. T.},
  journal = {Rev. Mod. Phys.},
  volume = {59},
  issue = {3},
  pages = {671--754},
  numpages = {84},
  year = {1987},
  month = {Jul},
  publisher = {American Physical Society},
  doi = {10.1103/RevModPhys.59.671},
  url = {http://link.aps.org/doi/10.1103/RevModPhys.59.671}
}


% LHC detector section
@article{Rossi:2010el,
author = {Rossi, Lucio},
title = {{Superconductivity: its role, its success and its setbacks in the Large Hadron Collider of CERN}},
journal = {Superconductor Science and Technology},
year = {2010},
volume = {23},
number = {3},
pages = {034001},
month = feb
}

